@BIBNOTE{note:SI,
  note = {See the supplementary information.},
}
