#### Examples of research involving modelling using ito diffusions and FW theory

@article {wolynes1995navigating,
	author = {Wolynes, PG and Onuchic, JN and Thirumalai, D},
	title = {Navigating the folding routes},
	volume = {267},
	number = {5204},
	pages = {1619--1620},
	year = {1995},
	doi = {10.1126/science.7886447},
	publisher = {American Association for the Advancement of Science},
	issn = {0036-8075},
	URL = {https://science.sciencemag.org/content/267/5204/1619},
	journal = {Science}
}

@article{nolting2016balls,
  title={Balls, cups, and quasi-potentials: quantifying stability in stochastic systems},
  author={Nolting, Ben C and Abbott, Karen C},
  journal={Ecology},
  volume={97},
  number={4},
  pages={850--864},
  year={2016},
  publisher={Wiley Online Library}
}


@article{mangel1994barrier,
  title={Barrier transitions driven by fluctuations, with applications to ecology and evolution},
  author={Mangel, Marc},
  journal={Theoretical Population Biology},
  volume={45},
  number={1},
  pages={16--40},
  year={1994},
  publisher={Elsevier}
}

@article{gardner2000construction,
  title={Construction of a genetic toggle switch in Escherichia coli},
  author={Gardner, Timothy S and Cantor, Charles R and Collins, James J},
  journal={Nature},
  volume={403},
  number={6767},
  pages={339},
  year={2000},
  publisher={Nature Publishing Group}
}

@article{demarco2001phase,
  title={A phase transition model for cascading network failure},
  author={DeMarco, Christopher L},
  journal={IEEE Control Systems Magazine},
  volume={21},
  number={6},
  pages={40--51},
  year={2001},
  publisher={IEEE}
}

@article{nelson1987stochastic,
  title={Stochastic catastrophe theory in computer performance modeling},
  author={Nelson, Randolph},
  journal={Journal of the ACM (JACM)},
  volume={34},
  number={3},
  pages={661--685},
  year={1987},
  publisher={ACM}
}


#### Traditional spectral methods

@article{bernardi1997spectral,
  title={Spectral methods},
  author={Bernardi, Christine and Maday, Yvon},
  journal={Handbook of numerical analysis},
  volume={5},
  pages={209--485},
  year={1997},
  publisher={Elsevier}
}

@book{boyd2001chebyshev,
  title={Chebyshev and Fourier spectral methods},
  author={Boyd, John P},
  year={2001},
  publisher={Courier Corporation, Mineola}
}


#### Rare event sampling

@article{bolhuis2002transition,
  title={Transition path sampling: Throwing ropes over rough mountain passes, in the dark},
  author={Bolhuis, Peter G and Chandler, David and Dellago, Christoph and Geissler, Phillip L},
  journal={Annual Review of Physical Chemistry},
  volume={53},
  number={1},
  pages={291--318},
  year={2002},
  publisher={Annual Reviews 4139 El Camino Way, PO Box 10139, Palo Alto, CA 94303-0139, USA}
}

@article{allen2009forward,
  title={Forward flux sampling for rare event simulations},
  author={Allen, Rosalind J and Valeriani, Chantal and ten Wolde, Pieter Rein},
  journal={Journal of Physics: Condensed Matter},
  volume={21},
  number={46},
  pages={463102},
  year={2009},
  publisher={IOP Publishing}
}

@article{allen2005sampling,
  title={Sampling rare switching events in biochemical networks},
  author={Allen, Rosalind J and Warren, Patrick B and Ten Wolde, Pieter Rein},
  journal={Physical Review Letters},
  volume={94},
  number={1},
  pages={018104},
  year={2005},
  publisher={APS}
}

@article{ebener2019instanton,
  title={Instanton based importance sampling for rare events in stochastic PDEs},
  author={Ebener, Lasse and Margazoglou, Georgios and Friedrich, Jan and Biferale, Luca and Grauer, Rainer},
  journal={Chaos: An Interdisciplinary Journal of Nonlinear Science},
  volume={29},
  number={6},
  pages={063102},
  year={2019},
  publisher={AIP Publishing}
}




# Introduction to Large Deviation Theory
@article{touchette2009large,
  title={The large deviation approach to statistical mechanics},
  author={Touchette, Hugo},
  journal={Physics Reports},
  volume={478},
  number={1-3},
  pages={1--69},
  year={2009},
  publisher={Elsevier}
}

# Large review paper on Stratonovich vs. Ito formulation, and functional probability densitites.

@inbook{stratonovich1989some, 
	place={Cambridge}, 
	title={Some Markov methods in the theory of stochastic processes in nonlinear dynamical systems}, 
	volume={1}, 
	DOI={10.1017/CBO9780511897818.004}, 
	booktitle={Noise in Nonlinear Dynamical Systems}, 
	publisher={Cambridge University Press}, 
	author={Stratonovich, R. L.}, 
	editor={Moss, Frank and McClintock, P. V. E.Editors}, 
	year={1989}, 
	pages={16--71}
}


# Onsager Machlup action
@article{onsager1953fluctuations,
  title={Fluctuations and irreversible processes},
  author={Onsager, Lars and Machlup, Stefan}, 
  journal={Physical Review},
  volume={91},
  number={6},
  pages={1505},
  year={1953},
  publisher={APS}
}

# Original paper on weak noise perturbed dynamical systems with iidlin-Wentsel action

@article{ventsel1970small,
	doi = {10.1070/rm1970v025n01abeh001254},
	url = {https://doi.org/10.1070%2Frm1970v025n01abeh001254},
	year = 1970,
	month = {feb},
	publisher = {{IOP} Publishing},
	volume = {25},
	number = {1},
	pages = {1--55},
	author={Wentzell, Alexander D and Freidlin, Mark Iosifovich},
	title={On small random perturbations of dynamical systems},
	journal = {Russian Mathematical Surveys},
}



# Geometric minimum method for finding FW instantons
@article{heymann2008geometric,
  title={The geometric minimum action method: A least action principle on the space of curves},
  author={Heymann, Matthias and Vanden-Eijnden, Eric},
  journal={Communications on Pure and Applied Mathematics},
  volume={61},
  number={8},
  pages={1052--1117},
  year={2008},
  publisher={Wiley Online Library}
}

@article{heymann2008mep,
author = {Vanden-Eijnden,Eric  and Heymann,Matthias },
title = {The geometric minimum action method for computing minimum energy paths},
journal = {The Journal of Chemical Physics},
volume = {128},
number = {6},
pages = {061103},
year = {2008},
doi = {10.1063/1.2833040},
URL = { 
        https://doi.org/10.1063/1.2833040
    
},
eprint = { 
        https://doi.org/10.1063/1.2833040
}
}


# Reference on the Shooting Method
@book{keller2018numerical,
  title={Numerical methods for two-point boundary-value problems},
  author={Keller, Herbert B},
  year={2018},
  publisher={Courier Dover Publications}
}

# Spectral Methods
@book{trefethen2000spectral,
  title={Spectral methods in MATLAB},
  author={Trefethen, Lloyd N},
  volume={10},
  year={2000},
  publisher={Siam}
}

@book{canuto2006spectral,
  title={Spectral methods},
  author={Canuto, Claudio and Hussaini, M Youssuff and Quarteroni, Alfio and Zang, Thomas A},
  year={2006},
  publisher={Springer}
}

# Barycentric formula
@article{berrut2004barycentric,
  title={Barycentric lagrange interpolation},
  author={Berrut, Jean-Paul and Trefethen, Lloyd N},
  journal={SIAM review},
  volume={46},
  number={3},
  pages={501--517},
  year={2004},
  publisher={SIAM}
}

# Reference for arguing spectral accuracy of Chebyshev collocation
@article{elnagar1997chebyshev,
  title={A Chebyshev spectral method for the solution of nonlinear optimal control problems},
  author={Elnagar, Gamal N and Razzaghi, Mohsen},
  journal={Applied Mathematical Modelling},
  volume={21},
  number={5},
  pages={255--260},
  year={1997},
  publisher={Elsevier}
}

# Quadrature
@book{brass2011quadrature,
  title={Quadrature Theory: The Theory of Numerical Integration on a Compact Interval},
  author={Brass, Helmut and Petras, Knut},
  number={178},
  year={2011},
  publisher={American Mathematical Soc.}
}

@Inbook{grafke2017long,
author="Grafke, Tobias
and Sch{\"a}fer, Tobias
and Vanden-Eijnden, Eric",
editor="Melnik, Roderick
and Makarov, Roman
and Belair, Jacques",
title="Long Term Effects of Small Random Perturbations on Dynamical Systems: Theoretical and Computational Tools",
bookTitle="Recent Progress and Modern Challenges in Applied Mathematics, Modeling and Computational Science",
year="2017",
publisher="Springer New York",
address="New York, NY",
pages="17--55",
doi="10.1007/978-1-4939-6969-2_2",
url="https://doi.org/10.1007/978-1-4939-6969-2_2"
}



# Neuroscience example
@article{paninski2006most,
  title={The most likely voltage path and large deviations approximations for integrate-and-fire neurons},
  author={Paninski, Liam},
  journal={Journal of Computational Neuroscience},
  volume={21},
  number={1},
  pages={71--87},
  year={2006},
  publisher={Springer}
}

# Genetics example
@article{huang2012molecular,
  title={The molecular and mathematical basis of Waddington's epigenetic landscape: A framework for post-Darwinian biology?},
  author={Huang, Sui},
  journal={Bioessays},
  volume={34},
  number={2},
  pages={149--157},
  year={2012},
  publisher={Wiley Online Library}
}

# Barrier crossing example

ï»¿@Article{bouchet2016generalisation,
author={Bouchet, Freddy and Reygner, Julien},
title={Generalisation of the Eyring--Kramers Transition Rate Formula to Irreversible Diffusion Processes},
journal={Annales Henri Poincar{\'e}},
year={2016},
month={Dec},
day={01},
volume={17},
number={12},
pages={3499-3532},
issn={1424-0661},
doi={10.1007/s00023-016-0507-4},
url={https://doi.org/10.1007/s00023-016-0507-4}
}






# Ritz
@article{ritz1909uber,
  title={{\"U}ber eine neue Methode zur Losung gewisser Variationsprobleme der mathematischen Physik},
  author={Ritz, Walter},
  journal={Journal f{\"u}r Mathematik},
  volume={135},
  pages={1-61},
  year={1909}
}

# Ritz direct method reference 2
@book{gelfand2012calculus,
  title={Calculus of Variations},
  author={Gelfand, I.M. and Fomin, S.V.},
  isbn={9780486135014},
  series={Dover Books on Mathematics},
  url={https://books.google.co.uk/books?id=CeC7AQAAQBAJ},
  year={2012},
  publisher={Dover Publications}
}

# Ritz direct method reference 3
@book{kantorovich1958approximate,
  title={Approximate Methods of Higher Analysis},
  author={Kantorovich, L.V. and Krylov, V.I.},
  lccn={lc59002787},
  url={https://books.google.co.uk/books?id=M9tCwgEACAAJ},
  year={1958},
  publisher={P. Noordhoff, Groningen}
}


# MAM
@article{weinan2004minimum,
  title={Minimum action method for the study of rare events},
  author={Weinan, E and Ren, Weiqing and Vanden-Eijnden, Eric},
  journal={Communications on Pure and Applied Mathematics},
  volume={57},
  number={5},
  pages={637--656},
  year={2004},
  publisher={New York: Interscience Publishers, c1949-}
}

# String method
@article{weinan2002string,
  title={String method for the study of rare events},
  author={Weinan, E and Ren, Weiqing and Vanden-Eijnden, Eric},
  journal={Physical Review B},
  volume={66},
  number={5},
  pages={052301},
  year={2002},
  publisher={APS}
}

# Inertial string method
@article{souza2018metastable,
  title={Metastable transitions in inertial Langevin systems: what can be different from the overdamped case?},
  author={SOUZA, ANDRE N and Tao, Molei},
  journal={European Journal of Applied Mathematics},
  pages={1--23},
  year={2018},
  publisher={Cambridge University Press}
}

# Heymann monograph
@article{heymann2015minimum,
  title={Minimum Action Curves in Degenerate Finsler Metrics},
  author={Heymann, Matthias},
  journal={Lecture Notes in Mathematics},
  volume={2134},
  year={2015},
  publisher={Springer}
}

# Lyapunov perspective on quasipotential
@article{zhou2012quasi,
  title={Quasi-potential landscape in complex multi-stable systems},
  author={Zhou, Joseph Xu and Aliyu, MDS and Aurell, Erik and Huang, Sui},
  journal={Journal of the Royal Society Interface},
  volume={9},
  number={77},
  pages={3539--3553},
  year={2012},
  publisher={The Royal Society}
}

# Decomposition of quasipotential
@Inbook{graham1987macroscopic,
author="Graham, R.",
editor="Garrido, L.",
title="Macroscopic potentials, bifurcations and noise in dissipative systems",
booktitle="Fluctuations and Stochastic Phenomena in Condensed Matter",
year="1987",
publisher="Springer Berlin Heidelberg",
address="Berlin, Heidelberg",
pages="1--34",
abstract="A review is presented of recent work dealing with dissipative dynamical systems weakly perturbed by noise. A free-energy like macroscopic nonequilibrium potential is defined for such systems which determines the stability and mean life-times of the systems' attractors. General properties of the nonequilibrium potential are discussed along with selected applications such as noise in Josephson junctions, in systems near bifurcation points of codimension two, and in systems described by the strange attractor of the Lorenz model.",
isbn="978-3-540-47401-2"
}




# NLOPT
@misc{johnson2014nlopt,
  title={The NLopt nonlinear-optimization package},
  author={Johnson, Steven G},
  year={2014},
  version={2.6.2},
  url={http://github.com/stevengj/nlopt}
}


# NEWUOA
@Inbook{powell2006newuoa,
author="Powell, M. J. D.",
editor="Di Pillo, G. and Roma, M.",
title="The NEWUOA software for unconstrained optimization without derivatives",
bookTitle="Large-Scale Nonlinear Optimization",
year="2006",
publisher="Springer US",
address="Boston, MA",
pages="255--297",
isbn="978-0-387-30065-8",
doi="10.1007/0-387-30065-1_16",
url="https://doi.org/10.1007/0-387-30065-1_16"
}


# SLSQP

@article{kraft1994,
author = {Kraft, Dieter},
title = {Algorithm 733: TOMP-Fortran Modules for Optimal Control Calculations},
year = {1994},
publisher = {Association for Computing Machinery},
address = {New York, NY, USA},
volume = {20},
number = {3},
pages="262--281",
journal={ACM Transactions on Mathematical Software}
}



# Maier-Stein
@article{maier1996scaling,
  title={A scaling theory of bifurcations in the symmetric weak-noise escape problem},
  author={Maier, Robert S and Stein, Daniel L},
  journal={Journal of Statistical Physics},
  volume={83},
  number={3-4},
  pages={291--357},
  year={1996},
  publisher={Springer}
}

# Quasipotential is lyapunov
@article{talkner1987mean,
  title={Mean first passage time and the lifetime of a metastable state},
  author={Talkner, P},
  journal={Zeitschrift f{\"u}r Physik B Condensed Matter},
  volume={68},
  number={2-3},
  pages={201--207},
  year={1987},
  publisher={Springer}
}

# Muller-Brown
@article{muller1979location,
  title={Location of saddle points and minimum energy paths by a constrained simplex optimization procedure},
  author={M{\"u}ller, Klaus and Brown, Leo D},
  journal={Theoretica chimica acta},
  volume={53},
  number={1},
  pages={75--93},
  year={1979},
  publisher={Springer}
}

# Genetic Switch
@article{roma2005optimal,
  title={Optimal path to epigenetic switching},
  author={Roma, David Marin and O'Flanagan, Ruadhan A and Ruckenstein, Andrei E and Sengupta, Anirvan M and Mukhopadhyay, Ranjan},
  journal={Physical Review E},
  volume={71},
  number={1},
  pages={011902},
  year={2005},
  publisher={APS}
}

# Eggers
@article{egger1981stochastically,
  title={Stochastically driven large-scale circulations with multiple equilibria},
  author={Egger, J},
  journal={Journal of the Atmospheric Sciences},
  volume={38},
  number={12},
  pages={2606--2618},
  year={1981}
}

@article{lv2014constructing,
	title={Constructing the energy landscape for genetic switching system driven by intrinsic noise},
	author={Lv, Cheng and Li, Xiaoguang and Li, Fangting and Li, Tiejun},
	journal={PLoS one},
	volume={9},
	number={2},
	pages={e88167},
	year={2014},
	publisher={Public Library of Science}
}

# Cameron
@article{yang2019computing,
	title={Computing the quasipotential for nongradient SDEs in 3D},
	author={Yang, Shuo and Potter, Samuel F and Cameron, Maria K},
	journal={Journal of Computational Physics},
	volume={379},
	pages={325--350},
	year={2019},
	publisher={Elsevier}
}
@article{cameron2012finding,
	title={Finding the quasipotential for nongradient SDEs},
	author={Cameron, MK},
	journal={Physica D: Nonlinear Phenomena},
	volume={241},
	number={18},
	pages={1532--1550},
	year={2012},
	publisher={Elsevier}
}
@article{dahiya2018ordered,
  title={Ordered line integral methods for computing the quasi-potential},
  author={Dahiya, Daisy and Cameron, Maria},
  journal={Journal of Scientific Computing},
  volume={75},
  number={3},
  pages={1351--1384},
  year={2018},
  publisher={Springer}
}

@article{zhou2015realization,
	title={Realization of Waddington's Metaphor: Potential Landscape, Quasi-potential, A-type Integral and Beyond},
	author={Zhou, Peijie and Li, Tiejun},
	journal={arXiv preprint arXiv:1511.02088},
	year={2015}
}

@article{ludwig1975persistence,
	title={Persistence of dynamical systems under random perturbations},
	author={Ludwig, Donald},
	journal={Siam Review},
	volume={17},
	number={4},
	pages={605--640},
	year={1975},
	publisher={SIAM}
}

@book{landau1959classical,
	title={Mechanics (Third Edition)},
	author={Landau, L. D. and Lifshitz, E. M.},
	year={1976},
	isbn = "978-0-7506-2896-9",
	publisher={Butterworth-Heinemann, Oxford}
}


@article{gander2012euler,
	title={From Euler, Ritz, and Galerkin to modern computing},
	author={Gander, Martin J and Wanner, Gerhard},
	journal={Siam Review},
	volume={54},
	number={4},
	pages={627--666},
	year={2012},
	publisher={SIAM}
}

@book{fox1968chebyshev,
	title={Chebyshev polynomials in numerical analysis},
	author={Fox, L. and Parker, I.B.},
	lccn={lc68105838},
	series={Oxford mathematical handbooks},
	url={https://books.google.co.uk/books?id=F8NzsEtJCD0C},
	year={1968},
	publisher={Oxford U.P.}
}

@book{elsgolts1973differential,
	title={Differential equations and the calculus of variations},
	author={Elsgolts, Lev Ernestovich and Yankovsky, George},
	year={1973},
	publisher={Mir Moscow}
}

@book{hamming2012numerical,
	title={Numerical methods for scientists and engineers},
	author={Hamming, Richard},
	year={2012},
	publisher={Courier Corporation, New York}
}

@book{trefethen2013approximation,
	title={Approximation theory and approximation practice},
	author={Trefethen, Lloyd N},
	volume={128},
	year={2013},
	publisher={Siam}
}

@article{salzer1972lagrangian,
	title={Lagrangian interpolation at the Chebyshev points Xn, $\nu$$\equiv$ cos ($\nu$$\pi$/n), $\nu$= 0 (1) n; some unnoted advantages},
	author={Salzer, Herbert E},
	journal={The Computer Journal},
	volume={15},
	number={2},
	pages={156--159},
	year={1972},
	publisher={The British Computer Society}
}


@book{gantmachner,
	title={Lectures in analytical mechanics.(Translated from the Russian by G. Yankovsky)},
	author={Gantmacher,  Feliks},
	year={1970},
	publisher={Moscow: Mir Publishers}
}


@misc{vanden2008geometric,
  title={The geometric minimum action method for computing minimum energy paths},
  author={Vanden-Eijnden, Eric and Heymann, Matthias},
  journal = {The Journal of Chemical Physics},
  volume = {128},
  number = {6},
  pages = {061103},
  year = {2008},
  doi = {10.1063/1.2833040},
  journal = {The Journal of Chemical Physics},
}

@article{olender1997yet,
	title={Yet another look at the steepest descent path},
	author={Olender, Roberto and Elber, Ron},
	journal={Journal of Molecular Structure: THEOCHEM},
	volume={398},
	pages={63--71},
	year={1997},
	publisher={Elsevier}
}



@Inbook{graham1973statistical,
author="Graham, R.",
editor="H{\"o}hler, G.",
title="Statistical Theory of Instabilities in Stationary Nonequilibrium Systems with Applications to Lasers and Nonlinear Optics",
bookTitle="Springer Tracts in Modern Physics: Ergebnisse der exakten Naturwissenschaftenc; Volume 66",
year="1973",
publisher="Springer Berlin Heidelberg",
address="Berlin, Heidelberg",
pages="1--97",
abstract="The transition of a macroscopic system from a disordered, chaotic state to an ordered more regular state is a very general phenomenon as is testified by the abundance of highly ordered macroscopic systems in nature. These transitions are of special interest, if the change in order is structural, i.e. connected with a change in the symmetry of the system's state.",
isbn="978-3-662-40468-3",
doi="10.1007/978-3-662-40468-3_1",
url="https://doi.org/10.1007/978-3-662-40468-3_1"
}




@article{aurentz2017chopping,
	title={Chopping a Chebyshev series},
	author={Aurentz, Jared L and Trefethen, Lloyd N},
	journal={ACM Transactions on Mathematical Software (TOMS)},
	volume={43},
	number={4},
	pages={33},
	year={2017},
	publisher={ACM}
}


@book{whittaker1988, 
	place={Cambridge}, 
	series={Cambridge Mathematical Library}, 
	title={A Treatise on the Analytical Dynamics of Particles and Rigid Bodies}, 
	DOI={10.1017/CBO9780511608797}, 
	publisher={Cambridge University Press}, 
	author={Whittaker, E. T.}, 
	year={1988}, 
	collection={Cambridge Mathematical Library}}

@article{elber2002long,
	title={Long time dynamics of complex systems},
	author={Elber, Ron and Ghosh, Avijit and Cardenas, Alfredo},
	journal={Accounts of chemical research},
	volume={35},
	number={6},
	pages={396--403},
	year={2002},
	publisher={ACS Publications}
}

@article{birkholz2015path,
	title={Path optimization by a variational reaction coordinate method. I. Development of formalism and algorithms},
	author={Birkholz, Adam B and Schlegel, H Bernhard},
	journal={The Journal of chemical physics},
	volume={143},
	number={24},
	pages={244101},
	year={2015},
	publisher={AIP Publishing}
}

@book{chaves2017introduction,
  title={Introduction to nonimaging optics},
  author={Chaves, Julio},
  year={2017},
  publisher={CRC press}
}

@book{pavliotis2014stochastic,
  title={Stochastic processes and applications: diffusion processes, the Fokker-Planck and Langevin equations},
  author={Pavliotis, Grigorios A},
  volume={60},
  year={2014},
  publisher={Springer}
}
